<?xml version="1.0" encoding="UTF-8"?>
<ENVELOPE>
<HEADER><TALLYREQUEST>Import Data</TALLYREQUEST></HEADER>
<BODY><IMPORTDATA>
<REQUESTDESC>
<REPORTNAME>Vouchers</REPORTNAME>
<STATICVARIABLES><SVCURRENTCOMPANY>TruGenie</SVCURRENTCOMPANY></STATICVARIABLES>
</REQUESTDESC>
<REQUESTDATA>
<TALLYMESSAGE xmlns:UDF="TallyUDF">
<VOUCHER VCHTYPE="Sales" ACTION="Create">
<DATE>20250415</DATE>
<EFFECTIVEDATE>20250415</EFFECTIVEDATE>
<VOUCHERTYPENAME>Sales</VOUCHERTYPENAME>
<VOUCHERNUMBER>SL/001</VOUCHERNUMBER>
<PARTYLEDGERNAME>Godrej Properties Limited</PARTYLEDGERNAME>
<NARRATION>PMC charges Godrej Exquisite Phase 2</NARRATION>
<PERSISTEDVIEW>Accounting Voucher View</PERSISTEDVIEW>
<ALLLEDGERENTRIES.LIST>
<LEDGERNAME>Godrej Properties Limited</LEDGERNAME>
<ISDEEMEDPOSITIVE>Yes</ISDEEMEDPOSITIVE>
<AMOUNT>-5500000</AMOUNT>
</ALLLEDGERENTRIES.LIST>
<ALLLEDGERENTRIES.LIST>
<LEDGERNAME>PMC Service Income</LEDGERNAME>
<ISDEEMEDPOSITIVE>No</ISDEEMEDPOSITIVE>
<AMOUNT>5500000</AMOUNT>
</ALLLEDGERENTRIES.LIST>
</VOUCHER>
</TALLYMESSAGE>
<TALLYMESSAGE xmlns:UDF="TallyUDF">
<VOUCHER VCHTYPE="Sales" ACTION="Create">
<DATE>20250502</DATE>
<EFFECTIVEDATE>20250502</EFFECTIVEDATE>
<VOUCHERTYPENAME>Sales</VOUCHERTYPENAME>
<VOUCHERNUMBER>SL/002</VOUCHERNUMBER>
<PARTYLEDGERNAME>DLF Limited</PARTYLEDGERNAME>
<NARRATION>PMC services DLF The Crest Gurgaon</NARRATION>
<PERSISTEDVIEW>Accounting Voucher View</PERSISTEDVIEW>
<ALLLEDGERENTRIES.LIST>
<LEDGERNAME>DLF Limited</LEDGERNAME>
<ISDEEMEDPOSITIVE>Yes</ISDEEMEDPOSITIVE>
<AMOUNT>-8200000</AMOUNT>
</ALLLEDGERENTRIES.LIST>
<ALLLEDGERENTRIES.LIST>
<LEDGERNAME>PMC Service Income</LEDGERNAME>
<ISDEEMEDPOSITIVE>No</ISDEEMEDPOSITIVE>
<AMOUNT>8200000</AMOUNT>
</ALLLEDGERENTRIES.LIST>
</VOUCHER>
</TALLYMESSAGE>
<TALLYMESSAGE xmlns:UDF="TallyUDF">
<VOUCHER VCHTYPE="Sales" ACTION="Create">
<DATE>20250520</DATE>
<EFFECTIVEDATE>20250520</EFFECTIVEDATE>
<VOUCHERTYPENAME>Sales</VOUCHERTYPENAME>
<VOUCHERNUMBER>SL/003</VOUCHERNUMBER>
<PARTYLEDGERNAME>Prestige Estates Projects Ltd</PARTYLEDGERNAME>
<NARRATION>Project management Prestige Lakeside</NARRATION>
<PERSISTEDVIEW>Accounting Voucher View</PERSISTEDVIEW>
<ALLLEDGERENTRIES.LIST>
<LEDGERNAME>Prestige Estates Projects Ltd</LEDGERNAME>
<ISDEEMEDPOSITIVE>Yes</ISDEEMEDPOSITIVE>
<AMOUNT>-4800000</AMOUNT>
</ALLLEDGERENTRIES.LIST>
<ALLLEDGERENTRIES.LIST>
<LEDGERNAME>PMC Service Income</LEDGERNAME>
<ISDEEMEDPOSITIVE>No</ISDEEMEDPOSITIVE>
<AMOUNT>4800000</AMOUNT>
</ALLLEDGERENTRIES.LIST>
</VOUCHER>
</TALLYMESSAGE>
<TALLYMESSAGE xmlns:UDF="TallyUDF">
<VOUCHER VCHTYPE="Sales" ACTION="Create">
<DATE>20250615</DATE>
<EFFECTIVEDATE>20250615</EFFECTIVEDATE>
<VOUCHERTYPENAME>Sales</VOUCHERTYPENAME>
<VOUCHERNUMBER>SL/004</VOUCHERNUMBER>
<PARTYLEDGERNAME>Lodha Group Macrotech Developers</PARTYLEDGERNAME>
<NARRATION>PMC Lodha World Towers Phase 3</NARRATION>
<PERSISTEDVIEW>Accounting Voucher View</PERSISTEDVIEW>
<ALLLEDGERENTRIES.LIST>
<LEDGERNAME>Lodha Group Macrotech Developers</LEDGERNAME>
<ISDEEMEDPOSITIVE>Yes</ISDEEMEDPOSITIVE>
<AMOUNT>-12000000</AMOUNT>
</ALLLEDGERENTRIES.LIST>
<ALLLEDGERENTRIES.LIST>
<LEDGERNAME>PMC Service Income</LEDGERNAME>
<ISDEEMEDPOSITIVE>No</ISDEEMEDPOSITIVE>
<AMOUNT>12000000</AMOUNT>
</ALLLEDGERENTRIES.LIST>
</VOUCHER>
</TALLYMESSAGE>
<TALLYMESSAGE xmlns:UDF="TallyUDF">
<VOUCHER VCHTYPE="Sales" ACTION="Create">
<DATE>20250710</DATE>
<EFFECTIVEDATE>20250710</EFFECTIVEDATE>
<VOUCHERTYPENAME>Sales</VOUCHERTYPENAME>
<VOUCHERNUMBER>SL/005</VOUCHERNUMBER>
<PARTYLEDGERNAME>Oberoi Realty Limited</PARTYLEDGERNAME>
<NARRATION>Design consultation Oberoi Sky City</NARRATION>
<PERSISTEDVIEW>Accounting Voucher View</PERSISTEDVIEW>
<ALLLEDGERENTRIES.LIST>
<LEDGERNAME>Oberoi Realty Limited</LEDGERNAME>
<ISDEEMEDPOSITIVE>Yes</ISDEEMEDPOSITIVE>
<AMOUNT>-6500000</AMOUNT>
</ALLLEDGERENTRIES.LIST>
<ALLLEDGERENTRIES.LIST>
<LEDGERNAME>PMC Service Income</LEDGERNAME>
<ISDEEMEDPOSITIVE>No</ISDEEMEDPOSITIVE>
<AMOUNT>6500000</AMOUNT>
</ALLLEDGERENTRIES.LIST>
</VOUCHER>
</TALLYMESSAGE>
<TALLYMESSAGE xmlns:UDF="TallyUDF">
<VOUCHER VCHTYPE="Sales" ACTION="Create">
<DATE>20250801</DATE>
<EFFECTIVEDATE>20250801</EFFECTIVEDATE>
<VOUCHERTYPENAME>Sales</VOUCHERTYPENAME>
<VOUCHERNUMBER>SL/006</VOUCHERNUMBER>
<PARTYLEDGERNAME>Brigade Enterprises Ltd</PARTYLEDGERNAME>
<NARRATION>PMC services Brigade Utopia</NARRATION>
<PERSISTEDVIEW>Accounting Voucher View</PERSISTEDVIEW>
<ALLLEDGERENTRIES.LIST>
<LEDGERNAME>Brigade Enterprises Ltd</LEDGERNAME>
<ISDEEMEDPOSITIVE>Yes</ISDEEMEDPOSITIVE>
<AMOUNT>-3900000</AMOUNT>
</ALLLEDGERENTRIES.LIST>
<ALLLEDGERENTRIES.LIST>
<LEDGERNAME>PMC Service Income</LEDGERNAME>
<ISDEEMEDPOSITIVE>No</ISDEEMEDPOSITIVE>
<AMOUNT>3900000</AMOUNT>
</ALLLEDGERENTRIES.LIST>
</VOUCHER>
</TALLYMESSAGE>
<TALLYMESSAGE xmlns:UDF="TallyUDF">
<VOUCHER VCHTYPE="Sales" ACTION="Create">
<DATE>20250905</DATE>
<EFFECTIVEDATE>20250905</EFFECTIVEDATE>
<VOUCHERTYPENAME>Sales</VOUCHERTYPENAME>
<VOUCHERNUMBER>SL/007</VOUCHERNUMBER>
<PARTYLEDGERNAME>Sobha Limited</PARTYLEDGERNAME>
<NARRATION>Project management Sobha Dream Acres</NARRATION>
<PERSISTEDVIEW>Accounting Voucher View</PERSISTEDVIEW>
<ALLLEDGERENTRIES.LIST>
<LEDGERNAME>Sobha Limited</LEDGERNAME>
<ISDEEMEDPOSITIVE>Yes</ISDEEMEDPOSITIVE>
<AMOUNT>-5200000</AMOUNT>
</ALLLEDGERENTRIES.LIST>
<ALLLEDGERENTRIES.LIST>
<LEDGERNAME>PMC Service Income</LEDGERNAME>
<ISDEEMEDPOSITIVE>No</ISDEEMEDPOSITIVE>
<AMOUNT>5200000</AMOUNT>
</ALLLEDGERENTRIES.LIST>
</VOUCHER>
</TALLYMESSAGE>
<TALLYMESSAGE xmlns:UDF="TallyUDF">
<VOUCHER VCHTYPE="Sales" ACTION="Create">
<DATE>20251010</DATE>
<EFFECTIVEDATE>20251010</EFFECTIVEDATE>
<VOUCHERTYPENAME>Sales</VOUCHERTYPENAME>
<VOUCHERNUMBER>SL/008</VOUCHERNUMBER>
<PARTYLEDGERNAME>Puravankara Limited</PARTYLEDGERNAME>
<NARRATION>PMC Purva Atmosphere</NARRATION>
<PERSISTEDVIEW>Accounting Voucher View</PERSISTEDVIEW>
<ALLLEDGERENTRIES.LIST>
<LEDGERNAME>Puravankara Limited</LEDGERNAME>
<ISDEEMEDPOSITIVE>Yes</ISDEEMEDPOSITIVE>
<AMOUNT>-3100000</AMOUNT>
</ALLLEDGERENTRIES.LIST>
<ALLLEDGERENTRIES.LIST>
<LEDGERNAME>PMC Service Income</LEDGERNAME>
<ISDEEMEDPOSITIVE>No</ISDEEMEDPOSITIVE>
<AMOUNT>3100000</AMOUNT>
</ALLLEDGERENTRIES.LIST>
</VOUCHER>
</TALLYMESSAGE>
<TALLYMESSAGE xmlns:UDF="TallyUDF">
<VOUCHER VCHTYPE="Sales" ACTION="Create">
<DATE>20251105</DATE>
<EFFECTIVEDATE>20251105</EFFECTIVEDATE>
<VOUCHERTYPENAME>Sales</VOUCHERTYPENAME>
<VOUCHERNUMBER>SL/009</VOUCHERNUMBER>
<PARTYLEDGERNAME>Mahindra Lifespace Developers</PARTYLEDGERNAME>
<NARRATION>PMC Mahindra Eden Alibaug</NARRATION>
<PERSISTEDVIEW>Accounting Voucher View</PERSISTEDVIEW>
<ALLLEDGERENTRIES.LIST>
<LEDGERNAME>Mahindra Lifespace Developers</LEDGERNAME>
<ISDEEMEDPOSITIVE>Yes</ISDEEMEDPOSITIVE>
<AMOUNT>-7800000</AMOUNT>
</ALLLEDGERENTRIES.LIST>
<ALLLEDGERENTRIES.LIST>
<LEDGERNAME>PMC Service Income</LEDGERNAME>
<ISDEEMEDPOSITIVE>No</ISDEEMEDPOSITIVE>
<AMOUNT>7800000</AMOUNT>
</ALLLEDGERENTRIES.LIST>
</VOUCHER>
</TALLYMESSAGE>
<TALLYMESSAGE xmlns:UDF="TallyUDF">
<VOUCHER VCHTYPE="Sales" ACTION="Create">
<DATE>20251201</DATE>
<EFFECTIVEDATE>20251201</EFFECTIVEDATE>
<VOUCHERTYPENAME>Sales</VOUCHERTYPENAME>
<VOUCHERNUMBER>SL/010</VOUCHERNUMBER>
<PARTYLEDGERNAME>Sunteck Realty Ltd</PARTYLEDGERNAME>
<NARRATION>Consultation Sunteck City Avenue</NARRATION>
<PERSISTEDVIEW>Accounting Voucher View</PERSISTEDVIEW>
<ALLLEDGERENTRIES.LIST>
<LEDGERNAME>Sunteck Realty Ltd</LEDGERNAME>
<ISDEEMEDPOSITIVE>Yes</ISDEEMEDPOSITIVE>
<AMOUNT>-4200000</AMOUNT>
</ALLLEDGERENTRIES.LIST>
<ALLLEDGERENTRIES.LIST>
<LEDGERNAME>PMC Service Income</LEDGERNAME>
<ISDEEMEDPOSITIVE>No</ISDEEMEDPOSITIVE>
<AMOUNT>4200000</AMOUNT>
</ALLLEDGERENTRIES.LIST>
</VOUCHER>
</TALLYMESSAGE>
<TALLYMESSAGE xmlns:UDF="TallyUDF">
<VOUCHER VCHTYPE="Sales" ACTION="Create">
<DATE>20260115</DATE>
<EFFECTIVEDATE>20260115</EFFECTIVEDATE>
<VOUCHERTYPENAME>Sales</VOUCHERTYPENAME>
<VOUCHERNUMBER>SL/011</VOUCHERNUMBER>
<PARTYLEDGERNAME>Godrej Properties Limited</PARTYLEDGERNAME>
<NARRATION>PMC Godrej Woods Noida</NARRATION>
<PERSISTEDVIEW>Accounting Voucher View</PERSISTEDVIEW>
<ALLLEDGERENTRIES.LIST>
<LEDGERNAME>Godrej Properties Limited</LEDGERNAME>
<ISDEEMEDPOSITIVE>Yes</ISDEEMEDPOSITIVE>
<AMOUNT>-6000000</AMOUNT>
</ALLLEDGERENTRIES.LIST>
<ALLLEDGERENTRIES.LIST>
<LEDGERNAME>PMC Service Income</LEDGERNAME>
<ISDEEMEDPOSITIVE>No</ISDEEMEDPOSITIVE>
<AMOUNT>6000000</AMOUNT>
</ALLLEDGERENTRIES.LIST>
</VOUCHER>
</TALLYMESSAGE>
<TALLYMESSAGE xmlns:UDF="TallyUDF">
<VOUCHER VCHTYPE="Sales" ACTION="Create">
<DATE>20260201</DATE>
<EFFECTIVEDATE>20260201</EFFECTIVEDATE>
<VOUCHERTYPENAME>Sales</VOUCHERTYPENAME>
<VOUCHERNUMBER>SL/012</VOUCHERNUMBER>
<PARTYLEDGERNAME>DLF Limited</PARTYLEDGERNAME>
<NARRATION>PMC DLF One Midtown Delhi</NARRATION>
<PERSISTEDVIEW>Accounting Voucher View</PERSISTEDVIEW>
<ALLLEDGERENTRIES.LIST>
<LEDGERNAME>DLF Limited</LEDGERNAME>
<ISDEEMEDPOSITIVE>Yes</ISDEEMEDPOSITIVE>
<AMOUNT>-9500000</AMOUNT>
</ALLLEDGERENTRIES.LIST>
<ALLLEDGERENTRIES.LIST>
<LEDGERNAME>PMC Service Income</LEDGERNAME>
<ISDEEMEDPOSITIVE>No</ISDEEMEDPOSITIVE>
<AMOUNT>9500000</AMOUNT>
</ALLLEDGERENTRIES.LIST>
</VOUCHER>
</TALLYMESSAGE>
<TALLYMESSAGE xmlns:UDF="TallyUDF">
<VOUCHER VCHTYPE="Purchase" ACTION="Create">
<DATE>20250420</DATE>
<EFFECTIVEDATE>20250420</EFFECTIVEDATE>
<VOUCHERTYPENAME>Purchase</VOUCHERTYPENAME>
<VOUCHERNUMBER>PU/001</VOUCHERNUMBER>
<PARTYLEDGERNAME>UltraTech Cement Ltd</PARTYLEDGERNAME>
<NARRATION>Cement supply Skyline Towers</NARRATION>
<PERSISTEDVIEW>Accounting Voucher View</PERSISTEDVIEW>
<ALLLEDGERENTRIES.LIST>
<LEDGERNAME>Construction Material Cost</LEDGERNAME>
<ISDEEMEDPOSITIVE>Yes</ISDEEMEDPOSITIVE>
<AMOUNT>-2850000</AMOUNT>
</ALLLEDGERENTRIES.LIST>
<ALLLEDGERENTRIES.LIST>
<LEDGERNAME>UltraTech Cement Ltd</LEDGERNAME>
<ISDEEMEDPOSITIVE>No</ISDEEMEDPOSITIVE>
<AMOUNT>2850000</AMOUNT>
</ALLLEDGERENTRIES.LIST>
</VOUCHER>
</TALLYMESSAGE>
<TALLYMESSAGE xmlns:UDF="TallyUDF">
<VOUCHER VCHTYPE="Purchase" ACTION="Create">
<DATE>20250505</DATE>
<EFFECTIVEDATE>20250505</EFFECTIVEDATE>
<VOUCHERTYPENAME>Purchase</VOUCHERTYPENAME>
<VOUCHERNUMBER>PU/002</VOUCHERNUMBER>
<PARTYLEDGERNAME>JSW Steel Limited</PARTYLEDGERNAME>
<NARRATION>TMT steel Skyline and Green Valley</NARRATION>
<PERSISTEDVIEW>Accounting Voucher View</PERSISTEDVIEW>
<ALLLEDGERENTRIES.LIST>
<LEDGERNAME>Construction Material Cost</LEDGERNAME>
<ISDEEMEDPOSITIVE>Yes</ISDEEMEDPOSITIVE>
<AMOUNT>-4800000</AMOUNT>
</ALLLEDGERENTRIES.LIST>
<ALLLEDGERENTRIES.LIST>
<LEDGERNAME>JSW Steel Limited</LEDGERNAME>
<ISDEEMEDPOSITIVE>No</ISDEEMEDPOSITIVE>
<AMOUNT>4800000</AMOUNT>
</ALLLEDGERENTRIES.LIST>
</VOUCHER>
</TALLYMESSAGE>
<TALLYMESSAGE xmlns:UDF="TallyUDF">
<VOUCHER VCHTYPE="Purchase" ACTION="Create">
<DATE>20250612</DATE>
<EFFECTIVEDATE>20250612</EFFECTIVEDATE>
<VOUCHERTYPENAME>Purchase</VOUCHERTYPENAME>
<VOUCHERNUMBER>PU/003</VOUCHERNUMBER>
<PARTYLEDGERNAME>Larsen Toubro Construction</PARTYLEDGERNAME>
<NARRATION>RCC structure Metro Heights</NARRATION>
<PERSISTEDVIEW>Accounting Voucher View</PERSISTEDVIEW>
<ALLLEDGERENTRIES.LIST>
<LEDGERNAME>Construction Material Cost</LEDGERNAME>
<ISDEEMEDPOSITIVE>Yes</ISDEEMEDPOSITIVE>
<AMOUNT>-8500000</AMOUNT>
</ALLLEDGERENTRIES.LIST>
<ALLLEDGERENTRIES.LIST>
<LEDGERNAME>Larsen Toubro Construction</LEDGERNAME>
<ISDEEMEDPOSITIVE>No</ISDEEMEDPOSITIVE>
<AMOUNT>8500000</AMOUNT>
</ALLLEDGERENTRIES.LIST>
</VOUCHER>
</TALLYMESSAGE>
<TALLYMESSAGE xmlns:UDF="TallyUDF">
<VOUCHER VCHTYPE="Purchase" ACTION="Create">
<DATE>20250715</DATE>
<EFFECTIVEDATE>20250715</EFFECTIVEDATE>
<VOUCHERTYPENAME>Purchase</VOUCHERTYPENAME>
<VOUCHERNUMBER>PU/004</VOUCHERNUMBER>
<PARTYLEDGERNAME>Shapoorji Pallonji Co Pvt Ltd</PARTYLEDGERNAME>
<NARRATION>Civil works Park Avenue</NARRATION>
<PERSISTEDVIEW>Accounting Voucher View</PERSISTEDVIEW>
<ALLLEDGERENTRIES.LIST>
<LEDGERNAME>Construction Material Cost</LEDGERNAME>
<ISDEEMEDPOSITIVE>Yes</ISDEEMEDPOSITIVE>
<AMOUNT>-6200000</AMOUNT>
</ALLLEDGERENTRIES.LIST>
<ALLLEDGERENTRIES.LIST>
<LEDGERNAME>Shapoorji Pallonji Co Pvt Ltd</LEDGERNAME>
<ISDEEMEDPOSITIVE>No</ISDEEMEDPOSITIVE>
<AMOUNT>6200000</AMOUNT>
</ALLLEDGERENTRIES.LIST>
</VOUCHER>
</TALLYMESSAGE>
<TALLYMESSAGE xmlns:UDF="TallyUDF">
<VOUCHER VCHTYPE="Purchase" ACTION="Create">
<DATE>20250810</DATE>
<EFFECTIVEDATE>20250810</EFFECTIVEDATE>
<VOUCHERTYPENAME>Purchase</VOUCHERTYPENAME>
<VOUCHERNUMBER>PU/005</VOUCHERNUMBER>
<PARTYLEDGERNAME>Hafeez Contractor Architects</PARTYLEDGERNAME>
<NARRATION>Architecture design fees</NARRATION>
<PERSISTEDVIEW>Accounting Voucher View</PERSISTEDVIEW>
<ALLLEDGERENTRIES.LIST>
<LEDGERNAME>Construction Material Cost</LEDGERNAME>
<ISDEEMEDPOSITIVE>Yes</ISDEEMEDPOSITIVE>
<AMOUNT>-1800000</AMOUNT>
</ALLLEDGERENTRIES.LIST>
<ALLLEDGERENTRIES.LIST>
<LEDGERNAME>Hafeez Contractor Architects</LEDGERNAME>
<ISDEEMEDPOSITIVE>No</ISDEEMEDPOSITIVE>
<AMOUNT>1800000</AMOUNT>
</ALLLEDGERENTRIES.LIST>
</VOUCHER>
</TALLYMESSAGE>
<TALLYMESSAGE xmlns:UDF="TallyUDF">
<VOUCHER VCHTYPE="Purchase" ACTION="Create">
<DATE>20250908</DATE>
<EFFECTIVEDATE>20250908</EFFECTIVEDATE>
<VOUCHERTYPENAME>Purchase</VOUCHERTYPENAME>
<VOUCHERNUMBER>PU/006</VOUCHERNUMBER>
<PARTYLEDGERNAME>KONE Elevator India Pvt Ltd</PARTYLEDGERNAME>
<NARRATION>8 elevators Skyline Towers</NARRATION>
<PERSISTEDVIEW>Accounting Voucher View</PERSISTEDVIEW>
<ALLLEDGERENTRIES.LIST>
<LEDGERNAME>Construction Material Cost</LEDGERNAME>
<ISDEEMEDPOSITIVE>Yes</ISDEEMEDPOSITIVE>
<AMOUNT>-4500000</AMOUNT>
</ALLLEDGERENTRIES.LIST>
<ALLLEDGERENTRIES.LIST>
<LEDGERNAME>KONE Elevator India Pvt Ltd</LEDGERNAME>
<ISDEEMEDPOSITIVE>No</ISDEEMEDPOSITIVE>
<AMOUNT>4500000</AMOUNT>
</ALLLEDGERENTRIES.LIST>
</VOUCHER>
</TALLYMESSAGE>
<TALLYMESSAGE xmlns:UDF="TallyUDF">
<VOUCHER VCHTYPE="Purchase" ACTION="Create">
<DATE>20251012</DATE>
<EFFECTIVEDATE>20251012</EFFECTIVEDATE>
<VOUCHERTYPENAME>Purchase</VOUCHERTYPENAME>
<VOUCHERNUMBER>PU/007</VOUCHERNUMBER>
<PARTYLEDGERNAME>Voltas Limited MEP Services</PARTYLEDGERNAME>
<NARRATION>HVAC installation Metro Heights</NARRATION>
<PERSISTEDVIEW>Accounting Voucher View</PERSISTEDVIEW>
<ALLLEDGERENTRIES.LIST>
<LEDGERNAME>Construction Material Cost</LEDGERNAME>
<ISDEEMEDPOSITIVE>Yes</ISDEEMEDPOSITIVE>
<AMOUNT>-3200000</AMOUNT>
</ALLLEDGERENTRIES.LIST>
<ALLLEDGERENTRIES.LIST>
<LEDGERNAME>Voltas Limited MEP Services</LEDGERNAME>
<ISDEEMEDPOSITIVE>No</ISDEEMEDPOSITIVE>
<AMOUNT>3200000</AMOUNT>
</ALLLEDGERENTRIES.LIST>
</VOUCHER>
</TALLYMESSAGE>
<TALLYMESSAGE xmlns:UDF="TallyUDF">
<VOUCHER VCHTYPE="Purchase" ACTION="Create">
<DATE>20251115</DATE>
<EFFECTIVEDATE>20251115</EFFECTIVEDATE>
<VOUCHERTYPENAME>Purchase</VOUCHERTYPENAME>
<VOUCHERNUMBER>PU/008</VOUCHERNUMBER>
<PARTYLEDGERNAME>NCC Limited Nagarjuna Construction</PARTYLEDGERNAME>
<NARRATION>Foundation work Riviera</NARRATION>
<PERSISTEDVIEW>Accounting Voucher View</PERSISTEDVIEW>
<ALLLEDGERENTRIES.LIST>
<LEDGERNAME>Construction Material Cost</LEDGERNAME>
<ISDEEMEDPOSITIVE>Yes</ISDEEMEDPOSITIVE>
<AMOUNT>-3800000</AMOUNT>
</ALLLEDGERENTRIES.LIST>
<ALLLEDGERENTRIES.LIST>
<LEDGERNAME>NCC Limited Nagarjuna Construction</LEDGERNAME>
<ISDEEMEDPOSITIVE>No</ISDEEMEDPOSITIVE>
<AMOUNT>3800000</AMOUNT>
</ALLLEDGERENTRIES.LIST>
</VOUCHER>
</TALLYMESSAGE>
<TALLYMESSAGE xmlns:UDF="TallyUDF">
<VOUCHER VCHTYPE="Purchase" ACTION="Create">
<DATE>20251210</DATE>
<EFFECTIVEDATE>20251210</EFFECTIVEDATE>
<VOUCHERTYPENAME>Purchase</VOUCHERTYPENAME>
<VOUCHERNUMBER>PU/009</VOUCHERNUMBER>
<PARTYLEDGERNAME>RSP Design Consultants</PARTYLEDGERNAME>
<NARRATION>Interior design Park Avenue</NARRATION>
<PERSISTEDVIEW>Accounting Voucher View</PERSISTEDVIEW>
<ALLLEDGERENTRIES.LIST>
<LEDGERNAME>Construction Material Cost</LEDGERNAME>
<ISDEEMEDPOSITIVE>Yes</ISDEEMEDPOSITIVE>
<AMOUNT>-1500000</AMOUNT>
</ALLLEDGERENTRIES.LIST>
<ALLLEDGERENTRIES.LIST>
<LEDGERNAME>RSP Design Consultants</LEDGERNAME>
<ISDEEMEDPOSITIVE>No</ISDEEMEDPOSITIVE>
<AMOUNT>1500000</AMOUNT>
</ALLLEDGERENTRIES.LIST>
</VOUCHER>
</TALLYMESSAGE>
<TALLYMESSAGE xmlns:UDF="TallyUDF">
<VOUCHER VCHTYPE="Purchase" ACTION="Create">
<DATE>20260118</DATE>
<EFFECTIVEDATE>20260118</EFFECTIVEDATE>
<VOUCHERTYPENAME>Purchase</VOUCHERTYPENAME>
<VOUCHERNUMBER>PU/010</VOUCHERNUMBER>
<PARTYLEDGERNAME>Hindustan Prefab Limited</PARTYLEDGERNAME>
<NARRATION>Precast panels Green Valley</NARRATION>
<PERSISTEDVIEW>Accounting Voucher View</PERSISTEDVIEW>
<ALLLEDGERENTRIES.LIST>
<LEDGERNAME>Construction Material Cost</LEDGERNAME>
<ISDEEMEDPOSITIVE>Yes</ISDEEMEDPOSITIVE>
<AMOUNT>-2200000</AMOUNT>
</ALLLEDGERENTRIES.LIST>
<ALLLEDGERENTRIES.LIST>
<LEDGERNAME>Hindustan Prefab Limited</LEDGERNAME>
<ISDEEMEDPOSITIVE>No</ISDEEMEDPOSITIVE>
<AMOUNT>2200000</AMOUNT>
</ALLLEDGERENTRIES.LIST>
</VOUCHER>
</TALLYMESSAGE>
<TALLYMESSAGE xmlns:UDF="TallyUDF">
<VOUCHER VCHTYPE="Receipt" ACTION="Create">
<DATE>20250425</DATE>
<EFFECTIVEDATE>20250425</EFFECTIVEDATE>
<VOUCHERTYPENAME>Receipt</VOUCHERTYPENAME>
<VOUCHERNUMBER>RC/001</VOUCHERNUMBER>
<PARTYLEDGERNAME>Godrej Properties Limited</PARTYLEDGERNAME>
<NARRATION>Part payment against SL/001</NARRATION>
<ALLLEDGERENTRIES.LIST>
<LEDGERNAME>HDFC Bank Current Ac 50100012345678</LEDGERNAME>
<ISDEEMEDPOSITIVE>Yes</ISDEEMEDPOSITIVE>
<AMOUNT>-5000000</AMOUNT>
</ALLLEDGERENTRIES.LIST>
<ALLLEDGERENTRIES.LIST>
<LEDGERNAME>Godrej Properties Limited</LEDGERNAME>
<ISDEEMEDPOSITIVE>No</ISDEEMEDPOSITIVE>
<AMOUNT>5000000</AMOUNT>
</ALLLEDGERENTRIES.LIST>
</VOUCHER>
</TALLYMESSAGE>
<TALLYMESSAGE xmlns:UDF="TallyUDF">
<VOUCHER VCHTYPE="Receipt" ACTION="Create">
<DATE>20250515</DATE>
<EFFECTIVEDATE>20250515</EFFECTIVEDATE>
<VOUCHERTYPENAME>Receipt</VOUCHERTYPENAME>
<VOUCHERNUMBER>RC/002</VOUCHERNUMBER>
<PARTYLEDGERNAME>DLF Limited</PARTYLEDGERNAME>
<NARRATION>Full payment SL/002</NARRATION>
<ALLLEDGERENTRIES.LIST>
<LEDGERNAME>HDFC Bank Current Ac 50100012345678</LEDGERNAME>
<ISDEEMEDPOSITIVE>Yes</ISDEEMEDPOSITIVE>
<AMOUNT>-8200000</AMOUNT>
</ALLLEDGERENTRIES.LIST>
<ALLLEDGERENTRIES.LIST>
<LEDGERNAME>DLF Limited</LEDGERNAME>
<ISDEEMEDPOSITIVE>No</ISDEEMEDPOSITIVE>
<AMOUNT>8200000</AMOUNT>
</ALLLEDGERENTRIES.LIST>
</VOUCHER>
</TALLYMESSAGE>
<TALLYMESSAGE xmlns:UDF="TallyUDF">
<VOUCHER VCHTYPE="Receipt" ACTION="Create">
<DATE>20250625</DATE>
<EFFECTIVEDATE>20250625</EFFECTIVEDATE>
<VOUCHERTYPENAME>Receipt</VOUCHERTYPENAME>
<VOUCHERNUMBER>RC/003</VOUCHERNUMBER>
<PARTYLEDGERNAME>Prestige Estates Projects Ltd</PARTYLEDGERNAME>
<NARRATION>Full payment SL/003</NARRATION>
<ALLLEDGERENTRIES.LIST>
<LEDGERNAME>HDFC Bank Current Ac 50100012345678</LEDGERNAME>
<ISDEEMEDPOSITIVE>Yes</ISDEEMEDPOSITIVE>
<AMOUNT>-4800000</AMOUNT>
</ALLLEDGERENTRIES.LIST>
<ALLLEDGERENTRIES.LIST>
<LEDGERNAME>Prestige Estates Projects Ltd</LEDGERNAME>
<ISDEEMEDPOSITIVE>No</ISDEEMEDPOSITIVE>
<AMOUNT>4800000</AMOUNT>
</ALLLEDGERENTRIES.LIST>
</VOUCHER>
</TALLYMESSAGE>
<TALLYMESSAGE xmlns:UDF="TallyUDF">
<VOUCHER VCHTYPE="Receipt" ACTION="Create">
<DATE>20250720</DATE>
<EFFECTIVEDATE>20250720</EFFECTIVEDATE>
<VOUCHERTYPENAME>Receipt</VOUCHERTYPENAME>
<VOUCHERNUMBER>RC/004</VOUCHERNUMBER>
<PARTYLEDGERNAME>Lodha Group Macrotech Developers</PARTYLEDGERNAME>
<NARRATION>Advance against SL/004</NARRATION>
<ALLLEDGERENTRIES.LIST>
<LEDGERNAME>HDFC Bank Current Ac 50100012345678</LEDGERNAME>
<ISDEEMEDPOSITIVE>Yes</ISDEEMEDPOSITIVE>
<AMOUNT>-10000000</AMOUNT>
</ALLLEDGERENTRIES.LIST>
<ALLLEDGERENTRIES.LIST>
<LEDGERNAME>Lodha Group Macrotech Developers</LEDGERNAME>
<ISDEEMEDPOSITIVE>No</ISDEEMEDPOSITIVE>
<AMOUNT>10000000</AMOUNT>
</ALLLEDGERENTRIES.LIST>
</VOUCHER>
</TALLYMESSAGE>
<TALLYMESSAGE xmlns:UDF="TallyUDF">
<VOUCHER VCHTYPE="Receipt" ACTION="Create">
<DATE>20250815</DATE>
<EFFECTIVEDATE>20250815</EFFECTIVEDATE>
<VOUCHERTYPENAME>Receipt</VOUCHERTYPENAME>
<VOUCHERNUMBER>RC/005</VOUCHERNUMBER>
<PARTYLEDGERNAME>Oberoi Realty Limited</PARTYLEDGERNAME>
<NARRATION>Full payment SL/005</NARRATION>
<ALLLEDGERENTRIES.LIST>
<LEDGERNAME>HDFC Bank Current Ac 50100012345678</LEDGERNAME>
<ISDEEMEDPOSITIVE>Yes</ISDEEMEDPOSITIVE>
<AMOUNT>-6500000</AMOUNT>
</ALLLEDGERENTRIES.LIST>
<ALLLEDGERENTRIES.LIST>
<LEDGERNAME>Oberoi Realty Limited</LEDGERNAME>
<ISDEEMEDPOSITIVE>No</ISDEEMEDPOSITIVE>
<AMOUNT>6500000</AMOUNT>
</ALLLEDGERENTRIES.LIST>
</VOUCHER>
</TALLYMESSAGE>
<TALLYMESSAGE xmlns:UDF="TallyUDF">
<VOUCHER VCHTYPE="Receipt" ACTION="Create">
<DATE>20250920</DATE>
<EFFECTIVEDATE>20250920</EFFECTIVEDATE>
<VOUCHERTYPENAME>Receipt</VOUCHERTYPENAME>
<VOUCHERNUMBER>RC/006</VOUCHERNUMBER>
<PARTYLEDGERNAME>Brigade Enterprises Ltd</PARTYLEDGERNAME>
<NARRATION>Full payment SL/006</NARRATION>
<ALLLEDGERENTRIES.LIST>
<LEDGERNAME>HDFC Bank Current Ac 50100012345678</LEDGERNAME>
<ISDEEMEDPOSITIVE>Yes</ISDEEMEDPOSITIVE>
<AMOUNT>-3900000</AMOUNT>
</ALLLEDGERENTRIES.LIST>
<ALLLEDGERENTRIES.LIST>
<LEDGERNAME>Brigade Enterprises Ltd</LEDGERNAME>
<ISDEEMEDPOSITIVE>No</ISDEEMEDPOSITIVE>
<AMOUNT>3900000</AMOUNT>
</ALLLEDGERENTRIES.LIST>
</VOUCHER>
</TALLYMESSAGE>
<TALLYMESSAGE xmlns:UDF="TallyUDF">
<VOUCHER VCHTYPE="Receipt" ACTION="Create">
<DATE>20251025</DATE>
<EFFECTIVEDATE>20251025</EFFECTIVEDATE>
<VOUCHERTYPENAME>Receipt</VOUCHERTYPENAME>
<VOUCHERNUMBER>RC/007</VOUCHERNUMBER>
<PARTYLEDGERNAME>Sobha Limited</PARTYLEDGERNAME>
<NARRATION>Full payment SL/007</NARRATION>
<ALLLEDGERENTRIES.LIST>
<LEDGERNAME>HDFC Bank Current Ac 50100012345678</LEDGERNAME>
<ISDEEMEDPOSITIVE>Yes</ISDEEMEDPOSITIVE>
<AMOUNT>-5200000</AMOUNT>
</ALLLEDGERENTRIES.LIST>
<ALLLEDGERENTRIES.LIST>
<LEDGERNAME>Sobha Limited</LEDGERNAME>
<ISDEEMEDPOSITIVE>No</ISDEEMEDPOSITIVE>
<AMOUNT>5200000</AMOUNT>
</ALLLEDGERENTRIES.LIST>
</VOUCHER>
</TALLYMESSAGE>
<TALLYMESSAGE xmlns:UDF="TallyUDF">
<VOUCHER VCHTYPE="Receipt" ACTION="Create">
<DATE>20251120</DATE>
<EFFECTIVEDATE>20251120</EFFECTIVEDATE>
<VOUCHERTYPENAME>Receipt</VOUCHERTYPENAME>
<VOUCHERNUMBER>RC/008</VOUCHERNUMBER>
<PARTYLEDGERNAME>Mahindra Lifespace Developers</PARTYLEDGERNAME>
<NARRATION>Part payment SL/009</NARRATION>
<ALLLEDGERENTRIES.LIST>
<LEDGERNAME>HDFC Bank Current Ac 50100012345678</LEDGERNAME>
<ISDEEMEDPOSITIVE>Yes</ISDEEMEDPOSITIVE>
<AMOUNT>-5000000</AMOUNT>
</ALLLEDGERENTRIES.LIST>
<ALLLEDGERENTRIES.LIST>
<LEDGERNAME>Mahindra Lifespace Developers</LEDGERNAME>
<ISDEEMEDPOSITIVE>No</ISDEEMEDPOSITIVE>
<AMOUNT>5000000</AMOUNT>
</ALLLEDGERENTRIES.LIST>
</VOUCHER>
</TALLYMESSAGE>
<TALLYMESSAGE xmlns:UDF="TallyUDF">
<VOUCHER VCHTYPE="Payment" ACTION="Create">
<DATE>20250430</DATE>
<EFFECTIVEDATE>20250430</EFFECTIVEDATE>
<VOUCHERTYPENAME>Payment</VOUCHERTYPENAME>
<VOUCHERNUMBER>PY/001</VOUCHERNUMBER>
<PARTYLEDGERNAME>UltraTech Cement Ltd</PARTYLEDGERNAME>
<NARRATION>Payment for PU/001</NARRATION>
<ALLLEDGERENTRIES.LIST>
<LEDGERNAME>UltraTech Cement Ltd</LEDGERNAME>
<ISDEEMEDPOSITIVE>Yes</ISDEEMEDPOSITIVE>
<AMOUNT>-2850000</AMOUNT>
</ALLLEDGERENTRIES.LIST>
<ALLLEDGERENTRIES.LIST>
<LEDGERNAME>HDFC Bank Current Ac 50100012345678</LEDGERNAME>
<ISDEEMEDPOSITIVE>No</ISDEEMEDPOSITIVE>
<AMOUNT>2850000</AMOUNT>
</ALLLEDGERENTRIES.LIST>
</VOUCHER>
</TALLYMESSAGE>
<TALLYMESSAGE xmlns:UDF="TallyUDF">
<VOUCHER VCHTYPE="Payment" ACTION="Create">
<DATE>20250510</DATE>
<EFFECTIVEDATE>20250510</EFFECTIVEDATE>
<VOUCHERTYPENAME>Payment</VOUCHERTYPENAME>
<VOUCHERNUMBER>PY/002</VOUCHERNUMBER>
<PARTYLEDGERNAME>JSW Steel Limited</PARTYLEDGERNAME>
<NARRATION>Payment for PU/002</NARRATION>
<ALLLEDGERENTRIES.LIST>
<LEDGERNAME>JSW Steel Limited</LEDGERNAME>
<ISDEEMEDPOSITIVE>Yes</ISDEEMEDPOSITIVE>
<AMOUNT>-4800000</AMOUNT>
</ALLLEDGERENTRIES.LIST>
<ALLLEDGERENTRIES.LIST>
<LEDGERNAME>HDFC Bank Current Ac 50100012345678</LEDGERNAME>
<ISDEEMEDPOSITIVE>No</ISDEEMEDPOSITIVE>
<AMOUNT>4800000</AMOUNT>
</ALLLEDGERENTRIES.LIST>
</VOUCHER>
</TALLYMESSAGE>
<TALLYMESSAGE xmlns:UDF="TallyUDF">
<VOUCHER VCHTYPE="Payment" ACTION="Create">
<DATE>20250625</DATE>
<EFFECTIVEDATE>20250625</EFFECTIVEDATE>
<VOUCHERTYPENAME>Payment</VOUCHERTYPENAME>
<VOUCHERNUMBER>PY/003</VOUCHERNUMBER>
<PARTYLEDGERNAME>Employee Salaries and Wages</PARTYLEDGERNAME>
<NARRATION>Salary June 2025</NARRATION>
<ALLLEDGERENTRIES.LIST>
<LEDGERNAME>Employee Salaries and Wages</LEDGERNAME>
<ISDEEMEDPOSITIVE>Yes</ISDEEMEDPOSITIVE>
<AMOUNT>-2800000</AMOUNT>
</ALLLEDGERENTRIES.LIST>
<ALLLEDGERENTRIES.LIST>
<LEDGERNAME>HDFC Bank Current Ac 50100012345678</LEDGERNAME>
<ISDEEMEDPOSITIVE>No</ISDEEMEDPOSITIVE>
<AMOUNT>2800000</AMOUNT>
</ALLLEDGERENTRIES.LIST>
</VOUCHER>
</TALLYMESSAGE>
<TALLYMESSAGE xmlns:UDF="TallyUDF">
<VOUCHER VCHTYPE="Payment" ACTION="Create">
<DATE>20250725</DATE>
<EFFECTIVEDATE>20250725</EFFECTIVEDATE>
<VOUCHERTYPENAME>Payment</VOUCHERTYPENAME>
<VOUCHERNUMBER>PY/004</VOUCHERNUMBER>
<PARTYLEDGERNAME>Employee Salaries and Wages</PARTYLEDGERNAME>
<NARRATION>Salary July 2025</NARRATION>
<ALLLEDGERENTRIES.LIST>
<LEDGERNAME>Employee Salaries and Wages</LEDGERNAME>
<ISDEEMEDPOSITIVE>Yes</ISDEEMEDPOSITIVE>
<AMOUNT>-2800000</AMOUNT>
</ALLLEDGERENTRIES.LIST>
<ALLLEDGERENTRIES.LIST>
<LEDGERNAME>HDFC Bank Current Ac 50100012345678</LEDGERNAME>
<ISDEEMEDPOSITIVE>No</ISDEEMEDPOSITIVE>
<AMOUNT>2800000</AMOUNT>
</ALLLEDGERENTRIES.LIST>
</VOUCHER>
</TALLYMESSAGE>
<TALLYMESSAGE xmlns:UDF="TallyUDF">
<VOUCHER VCHTYPE="Payment" ACTION="Create">
<DATE>20250730</DATE>
<EFFECTIVEDATE>20250730</EFFECTIVEDATE>
<VOUCHERTYPENAME>Payment</VOUCHERTYPENAME>
<VOUCHERNUMBER>PY/005</VOUCHERNUMBER>
<PARTYLEDGERNAME>Larsen Toubro Construction</PARTYLEDGERNAME>
<NARRATION>Part payment PU/003</NARRATION>
<ALLLEDGERENTRIES.LIST>
<LEDGERNAME>Larsen Toubro Construction</LEDGERNAME>
<ISDEEMEDPOSITIVE>Yes</ISDEEMEDPOSITIVE>
<AMOUNT>-5000000</AMOUNT>
</ALLLEDGERENTRIES.LIST>
<ALLLEDGERENTRIES.LIST>
<LEDGERNAME>HDFC Bank Current Ac 50100012345678</LEDGERNAME>
<ISDEEMEDPOSITIVE>No</ISDEEMEDPOSITIVE>
<AMOUNT>5000000</AMOUNT>
</ALLLEDGERENTRIES.LIST>
</VOUCHER>
</TALLYMESSAGE>
<TALLYMESSAGE xmlns:UDF="TallyUDF">
<VOUCHER VCHTYPE="Payment" ACTION="Create">
<DATE>20250825</DATE>
<EFFECTIVEDATE>20250825</EFFECTIVEDATE>
<VOUCHERTYPENAME>Payment</VOUCHERTYPENAME>
<VOUCHERNUMBER>PY/006</VOUCHERNUMBER>
<PARTYLEDGERNAME>Employee Salaries and Wages</PARTYLEDGERNAME>
<NARRATION>Salary Aug 2025</NARRATION>
<ALLLEDGERENTRIES.LIST>
<LEDGERNAME>Employee Salaries and Wages</LEDGERNAME>
<ISDEEMEDPOSITIVE>Yes</ISDEEMEDPOSITIVE>
<AMOUNT>-2800000</AMOUNT>
</ALLLEDGERENTRIES.LIST>
<ALLLEDGERENTRIES.LIST>
<LEDGERNAME>HDFC Bank Current Ac 50100012345678</LEDGERNAME>
<ISDEEMEDPOSITIVE>No</ISDEEMEDPOSITIVE>
<AMOUNT>2800000</AMOUNT>
</ALLLEDGERENTRIES.LIST>
</VOUCHER>
</TALLYMESSAGE>
<TALLYMESSAGE xmlns:UDF="TallyUDF">
<VOUCHER VCHTYPE="Payment" ACTION="Create">
<DATE>20250830</DATE>
<EFFECTIVEDATE>20250830</EFFECTIVEDATE>
<VOUCHERTYPENAME>Payment</VOUCHERTYPENAME>
<VOUCHERNUMBER>PY/007</VOUCHERNUMBER>
<PARTYLEDGERNAME>Office Rent Corporate</PARTYLEDGERNAME>
<NARRATION>Rent Q2 FY26</NARRATION>
<ALLLEDGERENTRIES.LIST>
<LEDGERNAME>Office Rent Corporate</LEDGERNAME>
<ISDEEMEDPOSITIVE>Yes</ISDEEMEDPOSITIVE>
<AMOUNT>-350000</AMOUNT>
</ALLLEDGERENTRIES.LIST>
<ALLLEDGERENTRIES.LIST>
<LEDGERNAME>HDFC Bank Current Ac 50100012345678</LEDGERNAME>
<ISDEEMEDPOSITIVE>No</ISDEEMEDPOSITIVE>
<AMOUNT>350000</AMOUNT>
</ALLLEDGERENTRIES.LIST>
</VOUCHER>
</TALLYMESSAGE>
<TALLYMESSAGE xmlns:UDF="TallyUDF">
<VOUCHER VCHTYPE="Payment" ACTION="Create">
<DATE>20250910</DATE>
<EFFECTIVEDATE>20250910</EFFECTIVEDATE>
<VOUCHERTYPENAME>Payment</VOUCHERTYPENAME>
<VOUCHERNUMBER>PY/008</VOUCHERNUMBER>
<PARTYLEDGERNAME>Hafeez Contractor Architects</PARTYLEDGERNAME>
<NARRATION>Payment for PU/005</NARRATION>
<ALLLEDGERENTRIES.LIST>
<LEDGERNAME>Hafeez Contractor Architects</LEDGERNAME>
<ISDEEMEDPOSITIVE>Yes</ISDEEMEDPOSITIVE>
<AMOUNT>-1800000</AMOUNT>
</ALLLEDGERENTRIES.LIST>
<ALLLEDGERENTRIES.LIST>
<LEDGERNAME>HDFC Bank Current Ac 50100012345678</LEDGERNAME>
<ISDEEMEDPOSITIVE>No</ISDEEMEDPOSITIVE>
<AMOUNT>1800000</AMOUNT>
</ALLLEDGERENTRIES.LIST>
</VOUCHER>
</TALLYMESSAGE>
<TALLYMESSAGE xmlns:UDF="TallyUDF">
<VOUCHER VCHTYPE="Payment" ACTION="Create">
<DATE>20251015</DATE>
<EFFECTIVEDATE>20251015</EFFECTIVEDATE>
<VOUCHERTYPENAME>Payment</VOUCHERTYPENAME>
<VOUCHERNUMBER>PY/009</VOUCHERNUMBER>
<PARTYLEDGERNAME>KONE Elevator India Pvt Ltd</PARTYLEDGERNAME>
<NARRATION>Part payment PU/006</NARRATION>
<ALLLEDGERENTRIES.LIST>
<LEDGERNAME>KONE Elevator India Pvt Ltd</LEDGERNAME>
<ISDEEMEDPOSITIVE>Yes</ISDEEMEDPOSITIVE>
<AMOUNT>-2500000</AMOUNT>
</ALLLEDGERENTRIES.LIST>
<ALLLEDGERENTRIES.LIST>
<LEDGERNAME>HDFC Bank Current Ac 50100012345678</LEDGERNAME>
<ISDEEMEDPOSITIVE>No</ISDEEMEDPOSITIVE>
<AMOUNT>2500000</AMOUNT>
</ALLLEDGERENTRIES.LIST>
</VOUCHER>
</TALLYMESSAGE>
<TALLYMESSAGE xmlns:UDF="TallyUDF">
<VOUCHER VCHTYPE="Payment" ACTION="Create">
<DATE>20251125</DATE>
<EFFECTIVEDATE>20251125</EFFECTIVEDATE>
<VOUCHERTYPENAME>Payment</VOUCHERTYPENAME>
<VOUCHERNUMBER>PY/010</VOUCHERNUMBER>
<PARTYLEDGERNAME>Marketing and Advertisement</PARTYLEDGERNAME>
<NARRATION>Digital campaign Q3</NARRATION>
<ALLLEDGERENTRIES.LIST>
<LEDGERNAME>Marketing and Advertisement</LEDGERNAME>
<ISDEEMEDPOSITIVE>Yes</ISDEEMEDPOSITIVE>
<AMOUNT>-1200000</AMOUNT>
</ALLLEDGERENTRIES.LIST>
<ALLLEDGERENTRIES.LIST>
<LEDGERNAME>HDFC Bank Current Ac 50100012345678</LEDGERNAME>
<ISDEEMEDPOSITIVE>No</ISDEEMEDPOSITIVE>
<AMOUNT>1200000</AMOUNT>
</ALLLEDGERENTRIES.LIST>
</VOUCHER>
</TALLYMESSAGE>
<TALLYMESSAGE xmlns:UDF="TallyUDF">
<VOUCHER VCHTYPE="Payment" ACTION="Create">
<DATE>20251225</DATE>
<EFFECTIVEDATE>20251225</EFFECTIVEDATE>
<VOUCHERTYPENAME>Payment</VOUCHERTYPENAME>
<VOUCHERNUMBER>PY/011</VOUCHERNUMBER>
<PARTYLEDGERNAME>Employee Salaries and Wages</PARTYLEDGERNAME>
<NARRATION>Salary Dec 2025 plus bonus</NARRATION>
<ALLLEDGERENTRIES.LIST>
<LEDGERNAME>Employee Salaries and Wages</LEDGERNAME>
<ISDEEMEDPOSITIVE>Yes</ISDEEMEDPOSITIVE>
<AMOUNT>-3000000</AMOUNT>
</ALLLEDGERENTRIES.LIST>
<ALLLEDGERENTRIES.LIST>
<LEDGERNAME>HDFC Bank Current Ac 50100012345678</LEDGERNAME>
<ISDEEMEDPOSITIVE>No</ISDEEMEDPOSITIVE>
<AMOUNT>3000000</AMOUNT>
</ALLLEDGERENTRIES.LIST>
</VOUCHER>
</TALLYMESSAGE>
<TALLYMESSAGE xmlns:UDF="TallyUDF">
<VOUCHER VCHTYPE="Payment" ACTION="Create">
<DATE>20260120</DATE>
<EFFECTIVEDATE>20260120</EFFECTIVEDATE>
<VOUCHERTYPENAME>Payment</VOUCHERTYPENAME>
<VOUCHERNUMBER>PY/012</VOUCHERNUMBER>
<PARTYLEDGERNAME>Insurance Premium</PARTYLEDGERNAME>
<NARRATION>CAR policy renewal</NARRATION>
<ALLLEDGERENTRIES.LIST>
<LEDGERNAME>Insurance Premium</LEDGERNAME>
<ISDEEMEDPOSITIVE>Yes</ISDEEMEDPOSITIVE>
<AMOUNT>-850000</AMOUNT>
</ALLLEDGERENTRIES.LIST>
<ALLLEDGERENTRIES.LIST>
<LEDGERNAME>HDFC Bank Current Ac 50100012345678</LEDGERNAME>
<ISDEEMEDPOSITIVE>No</ISDEEMEDPOSITIVE>
<AMOUNT>850000</AMOUNT>
</ALLLEDGERENTRIES.LIST>
</VOUCHER>
</TALLYMESSAGE>
<TALLYMESSAGE xmlns:UDF="TallyUDF">
<VOUCHER VCHTYPE="Journal" ACTION="Create">
<DATE>20250630</DATE>
<EFFECTIVEDATE>20250630</EFFECTIVEDATE>
<VOUCHERTYPENAME>Journal</VOUCHERTYPENAME>
<VOUCHERNUMBER>JV/001</VOUCHERNUMBER>
<PARTYLEDGERNAME>Depreciation</PARTYLEDGERNAME>
<NARRATION>Depreciation Q1 FY26</NARRATION>
<ALLLEDGERENTRIES.LIST>
<LEDGERNAME>Depreciation</LEDGERNAME>
<ISDEEMEDPOSITIVE>Yes</ISDEEMEDPOSITIVE>
<AMOUNT>-3500000</AMOUNT>
</ALLLEDGERENTRIES.LIST>
<ALLLEDGERENTRIES.LIST>
<LEDGERNAME>Computer and IT Infrastructure</LEDGERNAME>
<ISDEEMEDPOSITIVE>No</ISDEEMEDPOSITIVE>
<AMOUNT>3500000</AMOUNT>
</ALLLEDGERENTRIES.LIST>
</VOUCHER>
</TALLYMESSAGE>
<TALLYMESSAGE xmlns:UDF="TallyUDF">
<VOUCHER VCHTYPE="Journal" ACTION="Create">
<DATE>20250930</DATE>
<EFFECTIVEDATE>20250930</EFFECTIVEDATE>
<VOUCHERTYPENAME>Journal</VOUCHERTYPENAME>
<VOUCHERNUMBER>JV/002</VOUCHERNUMBER>
<PARTYLEDGERNAME>Depreciation</PARTYLEDGERNAME>
<NARRATION>Depreciation Q2 FY26</NARRATION>
<ALLLEDGERENTRIES.LIST>
<LEDGERNAME>Depreciation</LEDGERNAME>
<ISDEEMEDPOSITIVE>Yes</ISDEEMEDPOSITIVE>
<AMOUNT>-3500000</AMOUNT>
</ALLLEDGERENTRIES.LIST>
<ALLLEDGERENTRIES.LIST>
<LEDGERNAME>Surveying and Construction Equipment</LEDGERNAME>
<ISDEEMEDPOSITIVE>No</ISDEEMEDPOSITIVE>
<AMOUNT>3500000</AMOUNT>
</ALLLEDGERENTRIES.LIST>
</VOUCHER>
</TALLYMESSAGE>
<TALLYMESSAGE xmlns:UDF="TallyUDF">
<VOUCHER VCHTYPE="Journal" ACTION="Create">
<DATE>20251231</DATE>
<EFFECTIVEDATE>20251231</EFFECTIVEDATE>
<VOUCHERTYPENAME>Journal</VOUCHERTYPENAME>
<VOUCHERNUMBER>JV/003</VOUCHERNUMBER>
<PARTYLEDGERNAME>Depreciation</PARTYLEDGERNAME>
<NARRATION>Depreciation Q3 FY26</NARRATION>
<ALLLEDGERENTRIES.LIST>
<LEDGERNAME>Depreciation</LEDGERNAME>
<ISDEEMEDPOSITIVE>Yes</ISDEEMEDPOSITIVE>
<AMOUNT>-3500000</AMOUNT>
</ALLLEDGERENTRIES.LIST>
<ALLLEDGERENTRIES.LIST>
<LEDGERNAME>Office Building Corporate HQ</LEDGERNAME>
<ISDEEMEDPOSITIVE>No</ISDEEMEDPOSITIVE>
<AMOUNT>3500000</AMOUNT>
</ALLLEDGERENTRIES.LIST>
</VOUCHER>
</TALLYMESSAGE>
</REQUESTDATA>
</IMPORTDATA></BODY>
</ENVELOPE>